@article{credit1-kang2019IOT,
    title     = {Incentive mechanism for reliable federated learning: A joint optimization approach to combining reputation and contract theory},
    author    = {Kang, Jiawen and Xiong, Zehui and Niyato, Dusit and Xie, Shengli and Zhang, Junshan},
    journal   = {IEEE Internet of Things Journal},
    volume    = {6},
    number    = {6},
    pages     = {10700--10714},
    year      = {2019},
    publisher = {IEEE}
}

@inproceedings{zhou2021augmented-globecom,
    title        = {Augmented dual-shuffle-based moving target defense to ensure CIA-triad in federated learning},
    author       = {Zhou, Zan and Xu, Changqiao and Wang, Mingze and Ma, Tengchao and Yu, Shui},
    booktitle    = {2021 IEEE Global Communications Conference (GLOBECOM)},
    pages        = {01--06},
    year         = {2021},
    organization = {IEEE}
}
@inproceedings{hfl,
    author    = {Abad, M. S. H. and Ozfatura, E. and GUndUz, D. and Ercetin, O.},
    booktitle = {ICASSP 2020 - 2020 IEEE International Conference on Acoustics, Speech and Signal Processing (ICASSP)},
    title     = {Hierarchical Federated Learning ACROSS Heterogeneous Cellular Networks},
    year      = {2020},
    volume    = {},
    number    = {},
    pages     = {8866-8870},
    doi       = {10.1109/ICASSP40776.2020.9054634}
}
@article{10220154,
    author  = {Fu, Min and Shi, Yuanming and Zhou, Yong},
    journal = {IEEE Transactions on Wireless Communications},
    title   = {Federated Learning via Unmanned Aerial Vehicle},
    year    = {2023},
    volume  = {},
    number  = {},
    pages   = {1-1},
    doi     = {10.1109/TWC.2023.3303492}
}

@misc{async,
    title         = {Asynchronous Federated Optimization},
    author        = {Cong Xie and Sanmi Koyejo and Indranil Gupta},
    year          = {2020},
    eprint        = {1903.03934},
    archiveprefix = {arXiv},
    primaryclass  = {cs.DC}
}
@article{pls,
    author  = {Liu, Zhixin and Zhu, Ben and Xie, Yuanai and Ma, Kai and Guan, Xinping},
    journal = {IEEE Transactions on Vehicular Technology},
    title   = {UAV-aided Secure Communication with Imperfect Eavesdropper Location: Robust Design for Jamming Power and Trajectory},
    year    = {2023},
    volume  = {},
    number  = {},
    pages   = {1-10},
    doi     = {10.1109/TVT.2023.3347769}
}

@article{doppler_1,
    author  = {Xiao, Zhenyu and Xia, Pengfei and Xia, Xiang-gen},
    journal = {IEEE Communications Magazine},
    title   = {Enabling UAV cellular with millimeter-wave communication: potentials and approaches},
    year    = {2016},
    volume  = {54},
    number  = {5},
    pages   = {66-73},
    doi     = {10.1109/MCOM.2016.7470937}
}
@article{redundancy,
    author  = {Li, Youqi and Li, Fan and Chen, Lixing and Zhu, Liehuang and Zhou, Pan and Wang, Yu},
    journal = {IEEE Transactions on Mobile Computing},
    title   = {Power of Redundancy: Surplus Client Scheduling for Federated Learning Against User Uncertainties},
    year    = {2023},
    volume  = {22},
    number  = {9},
    pages   = {5449-5462},
    doi     = {10.1109/TMC.2022.3178167}
}

@inproceedings{doppler_3,
    author    = {Zhiqiang Wu and Kumar, H. and Davari, A.},
    booktitle = {Proceedings of the Thirty-Seventh Southeastern Symposium on System Theory, 2005. SSST '05.},
    title     = {Performance evaluation of OFDM transmission in UAV wireless communication},
    year      = {2005},
    volume    = {},
    number    = {},
    pages     = {6-10},
    doi       = {10.1109/SSST.2005.1460867}
}

@inproceedings{zhou2021towards-KDDtutorial-FFL,
    title     = {Towards fair federated learning},
    author    = {Zhou, Zirui and Chu, Lingyang and Liu, Changxin and Wang, Lanjun and Pei, Jian and Zhang, Yong},
    booktitle = {Proceedings of the 27th ACM SIGKDD Conference on Knowledge Discovery \& Data Mining},
    pages     = {4100--4101},
    year      = {2021}
}

@inproceedings{raji2019actionable,
    title     = {Actionable auditing: Investigating the impact of publicly naming biased performance results of commercial ai products},
    author    = {Raji, Inioluwa Deborah and Buolamwini, Joy},
    booktitle = {Proceedings of the 2019 AAAI/ACM Conference on AI, Ethics, and Society},
    pages     = {429--435},
    year      = {2019}
}

@incollection{angwin2022machine,
    title     = {Machine bias},
    author    = {Angwin, Julia and Larson, Jeff and Mattu, Surya and Kirchner, Lauren},
    booktitle = {Ethics of data and analytics},
    pages     = {254--264},
    year      = {2022},
    publisher = {Auerbach Publications}
}

@inproceedings{ezzeldin2023fairfed,
    title     = {Fairfed: Enabling group fairness in federated learning},
    author    = {Ezzeldin, Yahya H and Yan, Shen and He, Chaoyang and Ferrara, Emilio and Avestimehr, A Salman},
    booktitle = {Proceedings of the AAAI Conference on Artificial Intelligence},
    volume    = {37},
    number    = {6},
    pages     = {7494--7502},
    year      = {2023}
}

@inproceedings{zhang2020fairfl,
    title        = {Fairfl: A fair federated learning approach to reducing demographic bias in privacy-sensitive classification models},
    author       = {Zhang, Daniel Yue and Kou, Ziyi and Wang, Dong},
    booktitle    = {2020 IEEE International Conference on Big Data (Big Data)},
    pages        = {1051--1060},
    year         = {2020},
    organization = {IEEE}
}

@inproceedings{li2021ditto,
    title        = {Ditto: Fair and robust federated learning through personalization},
    author       = {Li, Tian and Hu, Shengyuan and Beirami, Ahmad and Smith, Virginia},
    booktitle    = {International Conference on Machine Learning},
    pages        = {6357--6368},
    year         = {2021},
    organization = {PMLR}
}

@article{rodriguez2023survey,
    title     = {Survey on federated learning threats: Concepts, taxonomy on attacks and defences, experimental study and challenges},
    author    = {Rodr{\'\i}guez-Barroso, Nuria and Jim{\'e}nez-L{\'o}pez, Daniel and Luz{\'o}n, M Victoria and Herrera, Francisco and Mart{\'\i}nez-C{\'a}mara, Eugenio},
    journal   = {Information Fusion},
    volume    = {90},
    pages     = {148--173},
    year      = {2023},
    publisher = {Elsevier}
}

@article{yang2023gradient,
    title     = {Gradient Leakage Attacks in Federated Learning: Research Frontiers, Taxonomy and Future Directions},
    author    = {Yang, Haomiao and Ge, Mengyu and Xue, Dongyun and Xiang, Kunlan and Li, Hongwei and Lu, Rongxing},
    journal   = {IEEE Network},
    year      = {2023},
    publisher = {IEEE}
}

@inproceedings{fang2020local,
    title     = {Local model poisoning attacks to $\{$Byzantine-Robust$\}$ federated learning},
    author    = {Fang, Minghong and Cao, Xiaoyu and Jia, Jinyuan and Gong, Neil},
    booktitle = {29th USENIX security symposium (USENIX Security 20)},
    pages     = {1605--1622},
    year      = {2020}
}

@article{wang2021variational,
    title   = {Variational model inversion attacks},
    author  = {Wang, Kuan-Chieh and Fu, Yan and Li, Ke and Khisti, Ashish and Zemel, Richard and Makhzani, Alireza},
    journal = {Advances in Neural Information Processing Systems},
    volume  = {34},
    pages   = {9706--9719},
    year    = {2021}
}

@article{zhou2022multi,
    title     = {A Multi-shuffler Framework to Establish Mutual Confidence for Secure Federated Learning},
    author    = {Zhou, Zan and Xu, Changqiao and Wang, Mingze and Kuang, Xiaohui and Zhuang, Yirong and Yu, Shui},
    journal   = {IEEE Transactions on Dependable and Secure Computing},
    year      = {2022},
    publisher = {IEEE}
}

@inproceedings{andreina2021baffle,
    title        = {Baffle: Backdoor detection via feedback-based federated learning},
    author       = {Andreina, Sebastien and Marson, Giorgia Azzurra and M{\"o}llering, Helen and Karame, Ghassan},
    booktitle    = {2021 IEEE 41st International Conference on Distributed Computing Systems (ICDCS)},
    pages        = {852--863},
    year         = {2021},
    organization = {IEEE}
}

@article{blanchard2017machine-krum,
    title   = {Machine learning with adversaries: Byzantine tolerant gradient descent},
    author  = {Blanchard, Peva and El Mhamdi, El Mahdi and Guerraoui, Rachid and Stainer, Julien},
    journal = {Advances in neural information processing systems},
    volume  = {30},
    year    = {2017}
}

@article{munoz2019byzantine-AFA,
    title   = {Byzantine-robust federated machine learning through adaptive model averaging},
    author  = {Mu{\~n}oz-Gonz{\'a}lez, Luis and Co, Kenneth T and Lupu, Emil C},
    journal = {arXiv preprint arXiv:1909.05125},
    year    = {2019}
}

@inproceedings{yin2018byzantine-median,
    title        = {Byzantine-robust distributed learning: Towards optimal statistical rates},
    author       = {Yin, Dong and Chen, Yudong and Kannan, Ramchandran and Bartlett, Peter},
    booktitle    = {International Conference on Machine Learning},
    pages        = {5650--5659},
    year         = {2018},
    organization = {PMLR}
}

@inproceedings{zhang2022fldetector,
    title     = {FLDetector: Defending federated learning against model poisoning attacks via detecting malicious clients},
    author    = {Zhang, Zaixi and Cao, Xiaoyu and Jia, Jinyuan and Gong, Neil Zhenqiang},
    booktitle = {Proceedings of the 28th ACM SIGKDD Conference on Knowledge Discovery and Data Mining},
    pages     = {2545--2555},
    year      = {2022}
}

@article{li2021lomar,
    title     = {Lomar: A local defense against poisoning attack on federated learning},
    author    = {Li, Xingyu and Qu, Zhe and Zhao, Shangqing and Tang, Bo and Lu, Zhuo and Liu, Yao},
    journal   = {IEEE Transactions on Dependable and Secure Computing},
    year      = {2021},
    publisher = {IEEE}
}

@article{geng2023better,
    title     = {Better Safe Than Sorry: Constructing Byzantine-Robust Federated Learning with Synthesized Trust},
    author    = {Geng, Gangchao and Cai, Tianyang and Yang, Zheng},
    journal   = {Electronics},
    volume    = {12},
    number    = {13},
    pages     = {2926},
    year      = {2023},
    publisher = {MDPI}
}

@article{gong2023agramplifier,
    title   = {AGRAMPLIFIER: Defending Federated Learning Against Poisoning Attacks Through Local Update Amplification},
    author  = {Gong, Zirui and Shen, Liyue and Zhang, Yanjun and Zhang, Leo Yu and Wang, Jingwei and Bai, Guangdong and Xiang, Yong},
    journal = {arXiv preprint arXiv:2311.06996},
    year    = {2023}
}

@article{ma2022shieldfl,
    title     = {ShieldFL: Mitigating model poisoning attacks in privacy-preserving federated learning},
    author    = {Ma, Zhuoran and Ma, Jianfeng and Miao, Yinbin and Li, Yingjiu and Deng, Robert H},
    journal   = {IEEE Transactions on Information Forensics and Security},
    volume    = {17},
    pages     = {1639--1654},
    year      = {2022},
    publisher = {IEEE}
}

@article{he2023integrated,
    title     = {Integrated sensing, computation, and communication: system framework and performance optimization},
    author    = {He, Yinghui and Yu, Guanding and Cai, Yunlong and Luo, Haiyan},
    journal   = {IEEE Transactions on Wireless Communications},
    year      = {2023},
    publisher = {IEEE}
}

@article{shen2023survey,
    title     = {A Survey of Next-Generation Computing Technologies in Space-Air-Ground Integrated Networks},
    author    = {Shen, Zhishu and Jin, Jiong and Tan, Cheng and Tagami, Atsushi and Wang, Shangguang and Li, Qing and Zheng, Qiushi and Yuan, Jingling},
    journal   = {ACM Computing Surveys},
    year      = {2023},
    publisher = {ACM New York, NY}
}

@article{zhang2023ai,
    title     = {AI-Enabled Space-Air-Ground Integrated Networks: Management and Optimization},
    author    = {Zhang, Peiying and Chen, Ning and Shen, Shigen and Yu, Shui and Kumar, Neeraj and Hsu, Ching-Hsien},
    journal   = {IEEE Network},
    year      = {2023},
    publisher = {IEEE}
}
@article{lu2023uav,
    title     = {UAV Ad Hoc Network Routing Algorithms in Space--Air--Ground Integrated Networks: Challenges and Directions},
    author    = {Lu, Yuxi and Wen, Wu and Igorevich, Kostromitin Konstantin and Ren, Peng and Zhang, Hongxia and Duan, Youxiang and Zhu, Hailong and Zhang, Peiying},
    journal   = {Drones},
    volume    = {7},
    number    = {7},
    pages     = {448},
    year      = {2023},
    publisher = {MDPI}
}

@article{fu2023federated,
    title     = {Federated learning via unmanned aerial vehicle},
    author    = {Fu, Min and Shi, Yuanming and Zhou, Yong},
    journal   = {IEEE Transactions on Wireless Communications},
    year      = {2023},
    publisher = {IEEE}
}

@article{karmakar2023novel,
    title     = {A novel federated learning-based smart power and 3D trajectory control for fairness optimization in secure UAV-assisted MEC services},
    author    = {Karmakar, Raja and Kaddoum, Georges and Akhrif, Ouassima},
    journal   = {IEEE Transactions on Mobile Computing},
    year      = {2023},
    publisher = {IEEE}
}

@article{pandya2023federated,
    title     = {Federated learning for smart cities: A comprehensive survey},
    author    = {Pandya, Sharnil and Srivastava, Gautam and Jhaveri, Rutvij and Babu, M Rajasekhara and Bhattacharya, Sweta and Maddikunta, Praveen Kumar Reddy and Mastorakis, Spyridon and Piran, Md Jalil and Gadekallu, Thippa Reddy},
    journal   = {Sustainable Energy Technologies and Assessments},
    volume    = {55},
    pages     = {102987},
    year      = {2023},
    publisher = {Elsevier}
}

@inproceedings{wang2021addressing,
    title     = {Addressing class imbalance in federated learning},
    author    = {Wang, Lixu and Xu, Shichao and Wang, Xiao and Zhu, Qi},
    booktitle = {Proceedings of the AAAI Conference on Artificial Intelligence},
    volume    = {35},
    number    = {11},
    pages     = {10165--10173},
    year      = {2021}
}

@inproceedings{tan2022fedproto,
    title     = {Fedproto: Federated prototype learning across heterogeneous clients},
    author    = {Tan, Yue and Long, Guodong and Liu, Lu and Zhou, Tianyi and Lu, Qinghua and Jiang, Jing and Zhang, Chengqi},
    booktitle = {Proceedings of the AAAI Conference on Artificial Intelligence},
    volume    = {36},
    number    = {8},
    pages     = {8432--8440},
    year      = {2022}
}

@article{tan2022towards,
    title     = {Towards personalized federated learning},
    author    = {Tan, Alysa Ziying and Yu, Han and Cui, Lizhen and Yang, Qiang},
    journal   = {IEEE Transactions on Neural Networks and Learning Systems},
    year      = {2022},
    publisher = {IEEE}
}

@article{shang2022federated,
    title   = {Federated learning on heterogeneous and long-tailed data via classifier re-training with federated features},
    author  = {Shang, Xinyi and Lu, Yang and Huang, Gang and Wang, Hanzi},
    journal = {arXiv preprint arXiv:2204.13399},
    year    = {2022}
}

@article{sattler2020clustered-CFL,
    title     = {Clustered federated learning: Model-agnostic distributed multitask optimization under privacy constraints},
    author    = {Sattler, Felix and M{\"u}ller, Klaus-Robert and Samek, Wojciech},
    journal   = {IEEE transactions on neural networks and learning systems},
    volume    = {32},
    number    = {8},
    pages     = {3710--3722},
    year      = {2020},
    publisher = {IEEE}
}

@inproceedings{zhang2020batchcrypt,
    title     = {$\{$BatchCrypt$\}$: Efficient homomorphic encryption for $\{$Cross-Silo$\}$ federated learning},
    author    = {Zhang, Chengliang and Li, Suyi and Xia, Junzhe and Wang, Wei and Yan, Feng and Liu, Yang},
    booktitle = {2020 USENIX annual technical conference (USENIX ATC 20)},
    pages     = {493--506},
    year      = {2020}
}

@article{lyu2020towards,
    title     = {Towards fair and privacy-preserving federated deep models},
    author    = {Lyu, Lingjuan and Yu, Jiangshan and Nandakumar, Karthik and Li, Yitong and Ma, Xingjun and Jin, Jiong and Yu, Han and Ng, Kee Siong},
    journal   = {IEEE Transactions on Parallel and Distributed Systems},
    volume    = {31},
    number    = {11},
    pages     = {2524--2541},
    year      = {2020},
    publisher = {IEEE}
}

@article{wei2020federated-NbAFL,
    title     = {Federated learning with differential privacy: Algorithms and performance analysis},
    author    = {Wei, Kang and Li, Jun and Ding, Ming and Ma, Chuan and Yang, Howard H and Farokhi, Farhad and Jin, Shi and Quek, Tony QS and Poor, H Vincent},
    journal   = {IEEE Transactions on Information Forensics and Security},
    volume    = {15},
    pages     = {3454--3469},
    year      = {2020},
    publisher = {IEEE}
}

@inproceedings{girgis2021shuffled,
    title        = {Shuffled model of differential privacy in federated learning},
    author       = {Girgis, Antonious and Data, Deepesh and Diggavi, Suhas and Kairouz, Peter and Suresh, Ananda Theertha},
    booktitle    = {International Conference on Artificial Intelligence and Statistics},
    pages        = {2521--2529},
    year         = {2021},
    organization = {PMLR}
}

@inproceedings{padala2021federated,
    title        = {Federated learning meets fairness and differential privacy},
    author       = {Padala, Manisha and Damle, Sankarshan and Gujar, Sujit},
    booktitle    = {Neural Information Processing: 28th International Conference, ICONIP 2021, Sanur, Bali, Indonesia, December 8--12, 2021, Proceedings, Part VI 28},
    pages        = {692--699},
    year         = {2021},
    organization = {Springer}
}

@article{wei2021low,
    title     = {Low-latency federated learning over wireless channels with differential privacy},
    author    = {Wei, Kang and Li, Jun and Ma, Chuan and Ding, Ming and Chen, Cailian and Jin, Shi and Han, Zhu and Poor, H Vincent},
    journal   = {IEEE Journal on Selected Areas in Communications},
    volume    = {40},
    number    = {1},
    pages     = {290--307},
    year      = {2021},
    publisher = {IEEE}
}

@inproceedings{mohri2019agnostic,
    title        = {Agnostic federated learning},
    author       = {Mohri, Mehryar and Sivek, Gary and Suresh, Ananda Theertha},
    booktitle    = {International Conference on Machine Learning},
    pages        = {4615--4625},
    year         = {2019},
    organization = {PMLR}
}

@article{roh2020fairbatch,
    title   = {Fairbatch: Batch selection for model fairness},
    author  = {Roh, Yuji and Lee, Kangwook and Whang, Steven Euijong and Suh, Changho},
    journal = {arXiv preprint arXiv:2012.01696},
    year    = {2020}
}

@inproceedings{xia2019faba,
    title     = {FABA: an algorithm for fast aggregation against byzantine attacks in distributed neural networks},
    author    = {Xia, Qi and Tao, Zeyi and Hao, Zijiang and Li, Qun},
    booktitle = {IJCAI},
    year      = {2019}
}

@inproceedings{xie2019zeno,
    title        = {Zeno: Distributed stochastic gradient descent with suspicion-based fault-tolerance},
    author       = {Xie, Cong and Koyejo, Sanmi and Gupta, Indranil},
    booktitle    = {International Conference on Machine Learning},
    pages        = {6893--6901},
    year         = {2019},
    organization = {PMLR}
}

@inproceedings{li2022shielding,
    title        = {Shielding Federated Learning: Mitigating Byzantine Attacks with Less Constraints},
    author       = {Li, Minghui and Wan, Wei and Lu, Jianrong and Hu, Shengshan and Shi, Junyu and Zhang, Leo Yu and Zhou, Man and Zheng, Yifeng},
    booktitle    = {2022 18th International Conference on Mobility, Sensing and Networking (MSN)},
    pages        = {178--185},
    year         = {2022},
    organization = {IEEE}
}

@article{xu2020reputation,
    title   = {A reputation mechanism is all you need: Collaborative fairness and adversarial robustness in federated learning},
    author  = {Xu, Xinyi and Lyu, Lingjuan},
    journal = {arXiv preprint arXiv:2011.10464},
    year    = {2020}
}

@article{xu2021gradient,
    title   = {Gradient driven rewards to guarantee fairness in collaborative machine learning},
    author  = {Xu, Xinyi and Lyu, Lingjuan and Ma, Xingjun and Miao, Chenglin and Foo, Chuan Sheng and Low, Bryan Kian Hsiang},
    journal = {Advances in Neural Information Processing Systems},
    volume  = {34},
    pages   = {16104--16117},
    year    = {2021}
}

@article{tan2022reputation,
    title     = {Reputation-Aware Federated Learning Client Selection based on Stochastic Integer Programming},
    author    = {Tan, Xavier and Ng, Wei Chong and Lim, Wei Yang Bryan and Xiong, Zehui and Niyato, Dusit and Yu, Han},
    journal   = {IEEE Transactions on Big Data},
    year      = {2022},
    publisher = {IEEE}
}

@inproceedings{lyu2023poisoning,
    title     = {Poisoning with cerberus: stealthy and colluded backdoor attack against federated learning},
    author    = {Lyu, Xiaoting and Han, Yufei and Wang, Wei and Liu, Jingkai and Wang, Bin and Liu, Jiqiang and Zhang, Xiangliang},
    booktitle = {Thirty-Seventh AAAI Conference on Artificial Intelligence},
    year      = {2023}
}

@article{zhou2022defta,
    title   = {DeFTA: A Plug-and-Play Decentralized Replacement for FedAvg},
    author  = {Zhou, Yuhao and Shi, Minjia and Tian, Yuxin and Ye, Qing and Lv, Jiancheng},
    journal = {arXiv preprint arXiv:2204.02632},
    year    = {2022}
}

@inproceedings{shuai2022balancefl,
    title        = {BalanceFL: Addressing class imbalance in long-tail federated learning},
    author       = {Shuai, Xian and Shen, Yulin and Jiang, Siyang and Zhao, Zhihe and Yan, Zhenyu and Xing, Guoliang},
    booktitle    = {2022 21st ACM/IEEE International Conference on Information Processing in Sensor Networks (IPSN)},
    pages        = {271--284},
    year         = {2022},
    organization = {IEEE}
}

@inproceedings{yang2021federated,
    title        = {Federated learning with class imbalance reduction},
    author       = {Yang, Miao and Wang, Ximin and Zhu, Hongbin and Wang, Haifeng and Qian, Hua},
    booktitle    = {2021 29th European Signal Processing Conference (EUSIPCO)},
    pages        = {2174--2178},
    year         = {2021},
    organization = {IEEE}
}

@article{li2022data,
    title     = {Data heterogeneity-robust federated learning via group client selection in industrial iot},
    author    = {Li, Zonghang and He, Yihong and Yu, Hongfang and Kang, Jiawen and Li, Xiaoping and Xu, Zenglin and Niyato, Dusit},
    journal   = {IEEE Internet of Things Journal},
    volume    = {9},
    number    = {18},
    pages     = {17844--17857},
    year      = {2022},
    publisher = {IEEE}
}

@article{hiessl2022cohort,
    title     = {Cohort-based federated learning services for industrial collaboration on the edge},
    author    = {Hiessl, Thomas and Lakani, Safoura Rezapour and Kemnitz, Jana and Schall, Daniel and Schulte, Stefan},
    journal   = {Journal of Parallel and Distributed Computing},
    volume    = {167},
    pages     = {64--76},
    year      = {2022},
    publisher = {Elsevier}
}

@inproceedings{zeng2022heterogeneous,
    title        = {Heterogeneous federated learning via grouped sequential-to-parallel training},
    author       = {Zeng, Shenglai and Li, Zonghang and Yu, Hongfang and He, Yihong and Xu, Zenglin and Niyato, Dusit and Yu, Han},
    booktitle    = {International Conference on Database Systems for Advanced Applications},
    pages        = {455--471},
    year         = {2022},
    organization = {Springer}
}

@article{li2019convergence-fedavg,
    title   = {On the convergence of fedavg on non-iid data},
    author  = {Li, Xiang and Huang, Kaixuan and Yang, Wenhao and Wang, Shusen and Zhang, Zhihua},
    journal = {arXiv preprint arXiv:1907.02189},
    year    = {2019}
}

@techreport{murty1985some,
    title  = {Some NP-complete problems in quadratic and nonlinear programming},
    author = {Murty, Katta G and Kabadi, Santosh N},
    year   = {1985}
}

@article{liu2022privacy,
    title   = {On privacy and personalization in cross-silo federated learning},
    author  = {Liu, Ken and Hu, Shengyuan and Wu, Steven Z and Smith, Virginia},
    journal = {Advances in Neural Information Processing Systems},
    volume  = {35},
    pages   = {5925--5940},
    year    = {2022}
}

@inproceedings{abadi2016deep,
    title     = {Deep learning with differential privacy},
    author    = {Abadi, Martin and Chu, Andy and Goodfellow, Ian and McMahan, H Brendan and Mironov, Ilya and Talwar, Kunal and Zhang, Li},
    booktitle = {Proceedings of the 2016 ACM SIGSAC conference on computer and communications security},
    pages     = {308--318},
    year      = {2016}
}

@article{dwork2014algorithmic,
    title     = {The algorithmic foundations of differential privacy},
    author    = {Dwork, Cynthia and Roth, Aaron and others},
    journal   = {Foundations and Trends{\textregistered} in Theoretical Computer Science},
    volume    = {9},
    number    = {3--4},
    pages     = {211--407},
    year      = {2014},
    publisher = {Now Publishers, Inc.}
}


@article{whitley1994genetic,
    title     = {A genetic algorithm tutorial},
    author    = {Whitley, Darrell},
    journal   = {Statistics and computing},
    volume    = {4},
    pages     = {65--85},
    year      = {1994},
    publisher = {Springer}
}

@article{wang2020tackling-fednova,
    title   = {Tackling the objective inconsistency problem in heterogeneous federated optimization},
    author  = {Wang, Jianyu and Liu, Qinghua and Liang, Hao and Joshi, Gauri and Poor, H Vincent},
    journal = {Advances in neural information processing systems},
    volume  = {33},
    pages   = {7611--7623},
    year    = {2020}
}

@article{yuan2022convergence-fedprox,
    title   = {On convergence of FedProx: Local dissimilarity invariant bounds, non-smoothness and beyond},
    author  = {Yuan, Xiaotong and Li, Ping},
    journal = {Advances in Neural Information Processing Systems},
    volume  = {35},
    pages   = {10752--10765},
    year    = {2022}
}

@inproceedings{jhunjhunwala2022fedvarp,
    title        = {Fedvarp: Tackling the variance due to partial client participation in federated learning},
    author       = {Jhunjhunwala, Divyansh and Sharma, Pranay and Nagarkatti, Aushim and Joshi, Gauri},
    booktitle    = {Uncertainty in Artificial Intelligence},
    pages        = {906--916},
    year         = {2022},
    organization = {PMLR}
}

@article{liu2019trust,
    title     = {Trust assessment in online social networks},
    author    = {Liu, Guangchi and Yang, Qing and Wang, Honggang and Liu, Alex X},
    journal   = {IEEE Transactions on Dependable and Secure Computing},
    volume    = {18},
    number    = {2},
    pages     = {994--1007},
    year      = {2019},
    publisher = {IEEE}
}

@article{al2021subjective,
    title     = {Subjective logic-based trust model for fog computing},
    author    = {Al Muhtadi, Jalal and Alamri, Rawan A and Khan, Farrukh Aslam and Saleem, Kashif},
    journal   = {Computer Communications},
    volume    = {178},
    pages     = {221--233},
    year      = {2021},
    publisher = {Elsevier}
}

@inproceedings{FedPerturb,
    author    = {Tongsai Jin and
                 Zhihui Fu and
                 Dan Meng and
                 Jun Wang and
                 Yue Qi and
                 Guitao Cao},
    title     = {FedPerturb: Covert Poisoning Attack on Federated Learning via Partial Perturbation},
    booktitle = {{ECAI} 2023 - 26th European Conference on Artificial Intelligence},
    volume    = {372},
    pages     = {1172--1179},
    year      = {2023}
}

@article{li2019abnormal,
    title   = {Abnormal client behavior detection in federated learning},
    author  = {Li, Suyi and Cheng, Yong and Liu, Yang and Wang, Wei and Chen, Tianjian},
    journal = {arXiv preprint arXiv:1910.09933},
    year    = {2019}
}


@inproceedings{yin2018byzantine-trimmedmean,
    title        = {Byzantine-robust distributed learning: Towards optimal statistical rates},
    author       = {Yin, Dong and Chen, Yudong and Kannan, Ramchandran and Bartlett, Peter},
    booktitle    = {International Conference on Machine Learning},
    pages        = {5650--5659},
    year         = {2018},
    organization = {PMLR}
}


@article{ETT1,
    author  = {Zheng Guan and
               Ya Li and
               Shengqian Yu and
               Zhijun Yang},
    title   = {Deep reinforcement learning-based full-duplex link scheduling in federated learning-based computing for IoMT},
    journal = {Trans. Emerg. Telecommun. Technol.},
    volume  = {34},
    number  = {3},
    year    = {2023}
}

@article{ETT2,
    author  = {Naveen Kumar and
               Anwar Ahmad},
    title   = {Quality of service-aware adaptive radio resource management based on deep federated Q-learning for multi-access edge computing in beyond 5G cloud-radio access network},
    journal = {Trans. Emerg. Telecommun. Technol.},
    volume  = {34},
    number  = {6},
    year    = {2023}
}

@article{ETT3,
    author  = {Jiancong Zhang and
               Changhao Wang and
               Shining Li},
    title   = {Energy efficient federated learning in internet of vehicles: A game theoretic scheme},
    journal = {Trans. Emerg. Telecommun. Technol.},
    volume  = {34},
    number  = {5},
    year    = {2023}
}


% data: 2024-9-13 16:25
@article{cifar10,
  title={Learning multiple layers of features from tiny images},
  author={Krizhevsky, Alex and Hinton, Geoffrey and others},
  year={2009},
  publisher={Toronto, ON, Canada}
}

@article{minist,
  title={Fashion-mnist: a novel image dataset for benchmarking machine learning algorithms},
  author={Xiao, Han and Rasul, Kashif and Vollgraf, Roland},
  journal={arXiv preprint arXiv:1708.07747},
  year={2017}
}

@inproceedings{clip,
  title={Learning transferable visual models from natural language supervision},
  author={Radford, Alec and Kim, Jong Wook and Hallacy, Chris and Ramesh, Aditya and Goh, Gabriel and Agarwal, Sandhini and Sastry, Girish and Askell, Amanda and Mishkin, Pamela and Clark, Jack and others},
  booktitle={International conference on machine learning},
  pages={8748--8763},
  year={2021},
  organization={PMLR}
}


@online{huggingface_clip,
  author       = {OpenAI},
  title        = {CLIP (Contrastive Language–Image Pretraining) - ViT-B/32},
  year         = {2024},
  url          = {https://huggingface.co/openai/clip-vit-base-patch32},
  note         = {Accessed: 2024-09-13},
}

@article{vit,
  title={An image is worth 16x16 words: Transformers for image recognition at scale},
  author={Dosovitskiy, Alexey},
  journal={arXiv preprint arXiv:2010.11929},
  year={2020}
}

@article{lora,
  title={Lora: Low-rank adaptation of large language models},
  author={Hu, Edward J and Shen, Yelong and Wallis, Phillip and Allen-Zhu, Zeyuan and Li, Yuanzhi and Wang, Shean and Wang, Lu and Chen, Weizhu},
  journal={arXiv preprint arXiv:2106.09685},
  year={2021}
}


% RoseAGG
@article{yang2024roseagg,
  title={RoseAgg: Robust Defense Against Targeted Collusion Attacks in Federated Learning},
  author={Yang, He and Xi, Wei and Shen, Yuhao and Wu, Canhui and Zhao, Jizhong},
  journal={IEEE Transactions on Information Forensics and Security},
  year={2024},
  publisher={IEEE}
}


@inproceedings{huang2023multi,
  title={Multi-metrics adaptively identifies backdoors in Federated learning},
  author={Huang, Siquan and Li, Yijiang and Chen, Chong and Shi, Leyu and Gao, Ying},
  booktitle={Proceedings of the IEEE/CVF International Conference on Computer Vision},
  pages={4652--4662},
  year={2023}
}

%DCT
@article{ahmed1974discrete,
  title={Discrete cosine transform},
  author={Ahmed, Nasir and Natarajan, T\_ and Rao, Kamisetty R},
  journal={IEEE transactions on Computers},
  volume={100},
  number={1},
  pages={90--93},
  year={1974},
  publisher={IEEE}
}

@article{mcinnes2017hdbscan,
  title={hdbscan: Hierarchical density based clustering.},
  author={McInnes, Leland and Healy, John and Astels, Steve and others},
  journal={J. Open Source Softw.},
  volume={2},
  number={11},
  pages={205},
  year={2017}
}


@inproceedings{MR,
  title={How to backdoor federated learning},
  author={Bagdasaryan, Eugene and Veit, Andreas and Hua, Yiqing and Estrin, Deborah and Shmatikov, Vitaly},
  booktitle={International conference on artificial intelligence and statistics},
  pages={2938--2948},
  year={2020},
  organization={PMLR}
}

@article{EDGE_CASE,
  title={Attack of the tails: Yes, you really can backdoor federated learning},
  author={Wang, Hongyi and Sreenivasan, Kartik and Rajput, Shashank and Vishwakarma, Harit and Agarwal, Saurabh and Sohn, Jy-yong and Lee, Kangwook and Papailiopoulos, Dimitris},
  journal={Advances in Neural Information Processing Systems},
  volume={33},
  pages={16070--16084},
  year={2020}
}

@inproceedings{zhang2022neurotoxin,
  title={Neurotoxin: Durable backdoors in federated learning},
  author={Zhang, Zhengming and Panda, Ashwinee and Song, Linyue and Yang, Yaoqing and Mahoney, Michael and Mittal, Prateek and Kannan, Ramchandran and Gonzalez, Joseph},
  booktitle={International Conference on Machine Learning},
  pages={26429--26446},
  year={2022},
  organization={PMLR}
}

@inproceedings{FedAVG,
  title={Communication-efficient learning of deep networks from decentralized data},
  author={McMahan, Brendan and Moore, Eider and Ramage, Daniel and Hampson, Seth and y Arcas, Blaise Aguera},
  booktitle={Artificial intelligence and statistics},
  pages={1273--1282},
  year={2017},
  organization={PMLR}
}

@article{FLTrust,
  title={Fltrust: Byzantine-robust federated learning via trust bootstrapping},
  author={Cao, Xiaoyu and Fang, Minghong and Liu, Jia and Gong, Neil Zhenqiang},
  journal={arXiv preprint arXiv:2012.13995},
  year={2020}
}

@inproceedings{FLAME,
  title={$\{$FLAME$\}$: Taming backdoors in federated learning},
  author={Nguyen, Thien Duc and Rieger, Phillip and De Viti, Roberta and Chen, Huili and Brandenburg, Bj{\"o}rn B and Yalame, Hossein and M{\"o}llering, Helen and Fereidooni, Hossein and Marchal, Samuel and Miettinen, Markus and others},
  booktitle={31st USENIX Security Symposium (USENIX Security 22)},
  pages={1415--1432},
  year={2022}
}


% attack
@article{jha2023label,
    title   = {Label poisoning is all you need},
    author  = {Jha, Rishi and Hayase, Jonathan and Oh, Sewoong},
    journal = {Advances in Neural Information Processing Systems},
    volume  = {36},
    pages   = {71029--71052},
    year    = {2023}
}

@inproceedings{yang2023data,
    title        = {Data poisoning attacks against multimodal encoders},
    author       = {Yang, Ziqing and He, Xinlei and Li, Zheng and Backes, Michael and Humbert, Mathias and Berrang, Pascal and Zhang, Yang},
    booktitle    = {International Conference on Machine Learning},
    pages        = {39299--39313},
    year         = {2023},
    organization = {PMLR}
}

@inproceedings{dai2023chameleon,
    title        = {Chameleon: Adapting to peer images for planting durable backdoors in federated learning},
    author       = {Dai, Yanbo and Li, Songze},
    booktitle    = {International Conference on Machine Learning},
    pages        = {6712--6725},
    year         = {2023},
    organization = {PMLR}
}

@article{zhang2024a3fl,
    title   = {A3fl: Adversarially adaptive backdoor attacks to federated learning},
    author  = {Zhang, Hangfan and Jia, Jinyuan and Chen, Jinghui and Lin, Lu and Wu, Dinghao},
    journal = {Advances in Neural Information Processing Systems},
    volume  = {36},
    year    = {2024}
}

@article{xu2024shadowcast,
    title   = {Shadowcast: Stealthy data poisoning attacks against vision-language models},
    author  = {Xu, Yuancheng and Yao, Jiarui and Shu, Manli and Sun, Yanchao and Wu, Zichu and Yu, Ning and Goldstein, Tom and Huang, Furong},
    journal = {arXiv preprint arXiv:2402.06659},
    year    = {2024}
}

@inproceedings{liang2024badclip,
    title     = {Badclip: Dual-embedding guided backdoor attack on multimodal contrastive learning},
    author    = {Liang, Siyuan and Zhu, Mingli and Liu, Aishan and Wu, Baoyuan and Cao, Xiaochun and Chang, Ee-Chien},
    booktitle = {Proceedings of the IEEE/CVF Conference on Computer Vision and Pattern Recognition},
    pages     = {24645--24654},
    year      = {2024}
}

@inproceedings{gu2023gradient,
    title     = {A gradient control method for backdoor attacks on parameter-efficient tuning},
    author    = {Gu, Naibin and Fu, Peng and Liu, Xiyu and Liu, Zhengxiao and Lin, Zheng and Wang, Weiping},
    booktitle = {Proceedings of the 61st Annual Meeting of the Association for Computational Linguistics (Volume 1: Long Papers)},
    pages     = {3508--3520},
    year      = {2023}
}

@article{tao2024imgtrojan,
    title   = {ImgTrojan: Jailbreaking Vision-Language Models with ONE Image},
    author  = {Tao, Xijia and Zhong, Shuai and Li, Lei and Liu, Qi and Kong, Lingpeng},
    journal = {arXiv preprint arXiv:2403.02910},
    year    = {2024}
}


%defense
@inproceedings{zhu2024seer,
    title     = {SEER: Backdoor Detection for Vision-Language Models through Searching Target Text and Image Trigger Jointly},
    author    = {Zhu, Liuwan and Ning, Rui and Li, Jiang and Xin, Chunsheng and Wu, Hongyi},
    booktitle = {Proceedings of the AAAI Conference on Artificial Intelligence},
    volume    = {38},
    number    = {7},
    pages     = {7766--7774},
    year      = {2024}
}

@inproceedings{ishmam2024semantic,
    title     = {Semantic Shield: Defending Vision-Language Models Against Backdooring and Poisoning via Fine-grained Knowledge Alignment},
    author    = {Ishmam, Alvi Md and Thomas, Christopher},
    booktitle = {Proceedings of the IEEE/CVF Conference on Computer Vision and Pattern Recognition},
    pages     = {24820--24830},
    year      = {2024}
}

@inproceedings{feng2023detecting,
    title     = {Detecting backdoors in pre-trained encoders},
    author    = {Feng, Shiwei and Tao, Guanhong and Cheng, Siyuan and Shen, Guangyu and Xu, Xiangzhe and Liu, Yingqi and Zhang, Kaiyuan and Ma, Shiqing and Zhang, Xiangyu},
    booktitle = {Proceedings of the IEEE/CVF Conference on Computer Vision and Pattern Recognition},
    pages     = {16352--16362},
    year      = {2023}
}

@inproceedings{pan2023asset,
    title     = {$\{$ASSET$\}$: Robust backdoor data detection across a multiplicity of deep learning paradigms},
    author    = {Pan, Minzhou and Zeng, Yi and Lyu, Lingjuan and Lin, Xue and Jia, Ruoxi},
    booktitle = {32nd USENIX Security Symposium (USENIX Security 23)},
    pages     = {2725--2742},
    year      = {2023}
}

@inproceedings{yue2023model,
    title     = {Model-Contrastive Learning for Backdoor Elimination},
    author    = {Yue, Zhihao and Xia, Jun and Ling, Zhiwei and Hu, Ming and Wang, Ting and Wei, Xian and Chen, Mingsong},
    booktitle = {Proceedings of the 31st ACM International Conference on Multimedia},
    pages     = {8869--8880},
    year      = {2023}
}

@article{liu2023shortcuts,
    title   = {From shortcuts to triggers: Backdoor defense with denoised poe},
    author  = {Liu, Qin and Wang, Fei and Xiao, Chaowei and Chen, Muhao},
    journal = {arXiv preprint arXiv:2305.14910},
    year    = {2023}
}

@article{zhao2024defending,
    title   = {Defending against weight-poisoning backdoor attacks for parameter-efficient fine-tuning},
    author  = {Zhao, Shuai and Gan, Leilei and Tuan, Luu Anh and Fu, Jie and Lyu, Lingjuan and Jia, Meihuizi and Wen, Jinming},
    journal = {arXiv preprint arXiv:2402.12168},
    year    = {2024}
}

@inproceedings{bansal2023cleanclip,
    title     = {Cleanclip: Mitigating data poisoning attacks in multimodal contrastive learning},
    author    = {Bansal, Hritik and Singhi, Nishad and Yang, Yu and Yin, Fan and Grover, Aditya and Chang, Kai-Wei},
    booktitle = {Proceedings of the IEEE/CVF International Conference on Computer Vision},
    pages     = {112--123},
    year      = {2023}
}


% 时间上不连续的攻击
@article{abad2024time,
    title={Time-Distributed Backdoor Attacks on Federated Spiking Learning},
    author={Abad, Gorka and Picek, Stjepan and Urbieta, Aitor},
    journal={arXiv preprint arXiv:2402.02886},
    year={2024}
}

% 时间上不连续的攻击2
@article{lyu2024coba,
    title={CoBA: Collusive Backdoor Attacks with Optimized Trigger to Federated Learning},
    author={Lyu, Xiaoting and Han, Yufei and Wang, Wei and Liu, Jingkai and Wang, Bin and Chen, Kai and Li, Yidong and Liu, Jiqiang and Zhang, Xiangliang},
    journal={IEEE Transactions on Dependable and Secure Computing},
    year={2024},
    publisher={IEEE}
}

% 非直奔目标的攻击  % 382次引用
@article{nguyen2020input,
    title={Input-aware dynamic backdoor attack},
    author={Nguyen, Tuan Anh and Tran, Anh},
    journal={Advances in Neural Information Processing Systems},
    volume={33},
    pages={3454--3464},
    year={2020}
}

% 非直奔目标的攻击
@article{yang2023efficient,
    title={Efficient and persistent backdoor attack by boundary trigger set constructing against federated learning},
    author={Yang, Deshan and Luo, Senlin and Zhou, Jinjie and Pan, Limin and Yang, Xiaonan and Xing, Jiyuan},
    journal={Information Sciences},
    volume={651},
    pages={119743},
    year={2023},
    publisher={Elsevier}
}

% 非直奔目标的攻击  % 将攻击转到频域上，从而增强隐蔽性。诶，这不是正好能被咱的检测到？
@article{qiao2024stealthy,
    title={Stealthy Backdoor Attack against Federated Learning through Frequency Domain by Backdoor Neuron Constraint and Model Camouflage},
    author={Qiao, Yanqi and Liu, Dazhuang and Wang, Rui and Liang, Kaitai},
    journal={IEEE Journal on Emerging and Selected Topics in Circuits and Systems},
    year={2024},
    publisher={IEEE}
}



@inproceedings{foolsgold,
    title={The limitations of federated learning in sybil settings},
    author={Fung, Clement and Yoon, Chris JM and Beschastnikh, Ivan},
    booktitle={23rd International Symposium on Research in Attacks, Intrusions and Defenses (RAID 2020)},
    pages={301--316},
    year={2020}
}




%FLTrust
@article{cao2020fltrust,
    title={Fltrust: Byzantine-robust federated learning via trust bootstrapping},
    author={Cao, Xiaoyu and Fang, Minghong and Liu, Jia and Gong, Neil Zhenqiang},
    journal={arXiv preprint arXiv:2012.13995},
    year={2020}
}

% RoseAGG
% 余弦相似度检测  https://iphome.hhi.de/samek/pdf/SatICASSP20.pdf
% 看了好几篇引用它的，没有给它起名字的
@inproceedings{cosine,
    title={On the byzantine robustness of clustered federated learning},
    author={Sattler, Felix and M{\"u}ller, Klaus-Robert and Wiegand, Thomas and Samek, Wojciech},
    booktitle={ICASSP 2020-2020 IEEE International Conference on Acoustics, Speech and Signal Processing (ICASSP)},
    pages={8861--8865},
    year={2020},
    organization={IEEE}
}


@article{sun2019can,
    title={Can you really backdoor federated learning?},
    author={Sun, Ziteng and Kairouz, Peter and Suresh, Ananda Theertha and McMahan, H Brendan},
    journal={arXiv preprint arXiv:1911.07963},
    year={2019}
}

@article{pillutla2022robust,
    title={Robust aggregation for federated learning},
    author={Pillutla, Krishna and Kakade, Sham M and Harchaoui, Zaid},
    journal={IEEE Transactions on Signal Processing},
    volume={70},
    pages={1142--1154},
    year={2022},
    publisher={IEEE}
}

@inproceedings{zeng2021rethinking,
    title={Rethinking the backdoor attacks' triggers: A frequency perspective},
    author={Zeng, Yi and Park, Won and Mao, Z Morley and Jia, Ruoxi},
    booktitle={Proceedings of the IEEE/CVF international conference on computer vision},
    pages={16473--16481},
    year={2021}
}

@article{wang2023scfl,
    title={SCFL: Mitigating backdoor attacks in federated learning based on SVD and clustering},
    author={Wang, Yongkang and Zhai, Di-Hua and Xia, Yuanqing},
    journal={Computers \& Security},
    volume={133},
    pages={103414},
    year={2023},
    publisher={Elsevier}
}

@inproceedings{wan2023four,
    title={A four-pronged defense against byzantine attacks in federated learning},
    author={Wan, Wei and Hu, Shengshan and Li, Minghui and Lu, Jianrong and Zhang, Longling and Zhang, Leo Yu and Jin, Hai},
    booktitle={Proceedings of the 31st ACM International Conference on Multimedia},
    pages={7394--7402},
    year={2023}
}

% ASR TSR FL 01
@inproceedings{tang2023port,
    title={Port Smart Gate Ground Scale Line Pressure Detection using Federated Learning: Backdoor Attacks},
    author={Tang, Chunming and Liu, Jinghong and Dai, Xinguang and Li, Yan},
    booktitle={2023 2nd International Conference on Artificial Intelligence, Human-Computer Interaction and Robotics (AIHCIR)},
    pages={352--356},
    year={2023},
    organization={IEEE}
}

% ASR TSR FL 02
@article{jin2024learning,
    title={Learning-based Data-Driven Optimal Deployment Control of Tethered Space Robot},
    author={Jin, Ao and Zhang, Fan and Huang, Panfeng},
    journal={Advances in Space Research},
    year={2024},
    publisher={Elsevier}
}

% ASR TSR FL 03
@article{rong2023special,
    title={Special Issue on Green IoT for Future Space--Air--Ground--Ocean-Integrated Networks and Applications},
    author={Rong, Bo and Cheriet, Mohamed and Montalban, Jon and Shi, Lei and Qian, Yi},
    journal={IEEE Internet of Things Journal},
    volume={10},
    number={11},
    pages={9249--9251},
    year={2023},
    publisher={IEEE}
}

% 限制大小的攻击1
@article{geisler2024attacking,
    title={Attacking large language models with projected gradient descent},
    author={Geisler, Simon and Wollschl{\"a}ger, Tom and Abdalla, MHI and Gasteiger, Johannes and G{\"u}nnemann, Stephan},
    journal={arXiv preprint arXiv:2402.09154},
    year={2024}
}

% 限制大小的攻击2
@article{chen2024optimal,
    title={Optimal Quantized Compressed Sensing via Projected Gradient Descent},
    author={Chen, Junren and Yuan, Ming},
    journal={arXiv preprint arXiv:2407.04951},
    year={2024}
}

% 限制角度的攻击1
@article{you2023three,
    title={Three-dimensional impact-angle-constrained cooperative guidance strategy against maneuvering target},
    author={You, Hao and Chang, Xinlong and Zhao, Jiufen and Wang, Shunhong and Zhang, Youhong},
    journal={ISA transactions},
    volume={138},
    pages={262--280},
    year={2023},
    publisher={Elsevier}
}

% 限制角度的攻击2
@inproceedings{sagliano2024powered,
    title={Powered Atmospheric Landing Guidance for Reusable Rockets: the CALLISTO studies},
    author={Sagliano, Marco and Heidecker, Ansgar and Far{\`\i}, Stefano and Jose Alfredo, Mac{\'e}s Hern{\'a}ndez and Schlotterer, Markus and Woicke, Svenja and Seelbinder, David and Dumont, Etienne},
    booktitle={AIAA scitech 2024 forum},
    pages={1761},
    year={2024}
}

% 限制角度的攻击3
@article{dong2023adaptive,
    title={Adaptive nonsingular fixed-time control for hypersonic flight vehicle considering angle of attack constraints},
    author={Dong, Zehong and Li, Yinghui and Lv, Maolong},
    journal={International Journal of Robust and Nonlinear Control},
    volume={33},
    number={12},
    pages={6754--6777},
    year={2023},
    publisher={Wiley Online Library}
}

% 限制符号的攻击1
@article{wan2023average,
    title={Average gradient-based adversarial attack},
    author={Wan, Chen and Huang, Fangjun and Zhao, Xianfeng},
    journal={IEEE Transactions on Multimedia},
    volume={25},
    pages={9572--9585},
    year={2023},
    publisher={IEEE}
}

% 限制符号的攻击2
@inproceedings{zhu2023boosting,
    title={Boosting adversarial transferability via gradient relevance attack},
    author={Zhu, Hegui and Ren, Yuchen and Sui, Xiaoyan and Yang, Lianping and Jiang, Wuming},
    booktitle={Proceedings of the IEEE/CVF International Conference on Computer Vision},
    pages={4741--4750},
    year={2023}
}

@article{fereidooni2023freqfed,
    title={FreqFed: A Frequency Analysis-Based Approach for Mitigating Poisoning Attacks in Federated Learning},
    author={Fereidooni, Hossein and Pegoraro, Alessandro and Rieger, Phillip and Dmitrienko, Alexandra and Sadeghi, Ahmad-Reza},
    journal={arXiv preprint arXiv:2312.04432},
    year={2023}
}


@article{andronie2023big,
    title={Big data management algorithms, deep learning-based object detection technologies, and geospatial simulation and sensor fusion tools in the internet of robotic things},
    author={Andronie, Mihai and L{\u{a}}z{\u{a}}roiu, George and Iatagan, Mariana and Hurloiu, Iulian and Ștef{\u{a}}nescu, Roxana and Dijm{\u{a}}rescu, Adrian and Dijm{\u{a}}rescu, Irina},
    journal={ISPRS International Journal of Geo-Information},
    volume={12},
    number={2},
    pages={35},
    year={2023},
    publisher={MDPI}
}

@article{liu2024survey,
    title={A survey on hallucination in large vision-language models},
    author={Liu, Hanchao and Xue, Wenyuan and Chen, Yifei and Chen, Dapeng and Zhao, Xiutian and Wang, Ke and Hou, Liping and Li, Rongjun and Peng, Wei},
    journal={arXiv preprint arXiv:2402.00253},
    year={2024}
}

@inproceedings{dai2023tackling,
    title={Tackling data heterogeneity in federated learning with class prototypes},
    author={Dai, Yutong and Chen, Zeyuan and Li, Junnan and Heinecke, Shelby and Sun, Lichao and Xu, Ran},
    booktitle={Proceedings of the AAAI Conference on Artificial Intelligence},
    volume={37},
    number={6},
    pages={7314--7322},
    year={2023}
}

@inproceedings{fu2023effectiveness,
    title={On the effectiveness of parameter-efficient fine-tuning},
    author={Fu, Zihao and Yang, Haoran and So, Anthony Man-Cho and Lam, Wai and Bing, Lidong and Collier, Nigel},
    booktitle={Proceedings of the AAAI conference on artificial intelligence},
    volume={37},
    number={11},
    pages={12799--12807},
    year={2023}
}

@article{zhao2023towards,
    title={Towards efficient communications in federated learning: A contemporary survey},
    author={Zhao, Zihao and Mao, Yuzhu and Liu, Yang and Song, Linqi and Ouyang, Ye and Chen, Xinlei and Ding, Wenbo},
    journal={Journal of the Franklin Institute},
    volume={360},
    number={12},
    pages={8669--8703},
    year={2023},
    publisher={Elsevier}
}

@article{wen2023survey,
    title={A survey on federated learning: challenges and applications},
    author={Wen, Jie and Zhang, Zhixia and Lan, Yang and Cui, Zhihua and Cai, Jianghui and Zhang, Wensheng},
    journal={International Journal of Machine Learning and Cybernetics},
    volume={14},
    number={2},
    pages={513--535},
    year={2023},
    publisher={Springer}
}

@article{khan2023federated,
    title={Federated learning as a privacy solution-an overview},
    author={Khan, Mashal and Glavin, Frank G and Nickles, Matthias},
    journal={Procedia Computer Science},
    volume={217},
    pages={316--325},
    year={2023},
    publisher={Elsevier}
}

% 新增引用  1
@article{yao2022blockchain,
    title={Blockchain-empowered collaborative task offloading for cloud-edge-device computing},
    author={Yao, Su and Wang, Mu and Qu, Qiang and Zhang, Ziyi and Zhang, Yi-Feng and Xu, Ke and Xu, Mingwei},
    journal={IEEE Journal on Selected Areas in Communications},
    volume={40},
    number={12},
    pages={3485--3500},
    year={2022},
    publisher={IEEE}
}

% 新增引用  2
@article{yao2024leoedge,
    title={LEOEdge: A satellite-ground cooperation platform for the AI Inference in Large LEO Constellation},
    author={Yao, Su and Lin, Yiyin and Wang, Mu and Xu, Ke and Xu, Mingwei and Xu, Changqiao and Zhang, HongKe},
    journal={IEEE Journal on Selected Areas in Communications},
    year={2024},
    publisher={IEEE}
}